<?xml version="1.0" encoding="UTF-8"?><collection xmlns="http://www.loc.gov/MARC21/slim"><record><leader>00313nam--2200121-i-4500</leader><controlfield tag="001">000002574</controlfield><controlfield tag="002">20161230</controlfield><controlfield tag="005">20161230201025</controlfield><controlfield tag="008">060222s1000------------r-----000-0-eng-d</controlfield><datafield ind1=" " ind2=" " tag="100"><subfield code="a">Bradfield, R.And John, W.J</subfield></datafield><datafield ind1=" " ind2=" " tag="245"><subfield code="a">Telephone and power transmission</subfield></datafield><datafield ind1=" " ind2=" " tag="260"><subfield code="a">London, Chapman &amp; Hall, 1928</subfield></datafield><datafield ind1=" " ind2=" " tag="490"><subfield code="a">Xi + 238 P</subfield></datafield></record></collection>